@mvbook{ITDP,
author = {ITDP},
title = {El Instituto de Políticas para el Transporte y el Desarrollo},
date = {2014},
url = {http://mexico.itdp.org/wp-content/uploads/estacionamiento-urbano21.pdf},
}

@mvbook{autobild,
author = {autobild},
title = {autobild},
date = {2014-05-02},
url = {http://autobild.com.mx/reportajes/menos-estacionamientos-df/},
}

@mvbook{CNN,
author = {CNN},
title = {Estacionamientos otro dolor de cabeza},
date = {2013-01-20},
url = {http://www.cnnexpansion.com/negocios/2013/01/20/estacionamientos-otro-dolor-de-cabeza?newsvcnn2=1358720138},
}

@mvbook{ecoparq,
author = {ecoparq},
title = {ecoParq Zonas},
date = {2014-09},
url = {http://www.ecoparq.df.gob.mx/index.php/zonas/},
}

@mvbook{INEGI,
author = {INEGI},
title = {Vehículos de motor registrados en circulación},
date = {2013},
url = {http://www.inegi.org.mx/sistemas/olap/Proyectos/bd/continuas/transporte/vehiculos.asp?s=est&c=13158&proy=vmrc_vehiculos},
}

@mvbook{publimetro,
author = {publimetro},
title = {Planean un DF con menos estacionamientos},
date = {2014-03-5},
url = {http://www.publimetro.com.mx/noticias/planean-un-df-con-menos-estacionamientos/mnce%216lxdBYSPH0z6w/},
}

